% !Mode:: "TeX:UTF-8"

@article{keller2003wsla,
  title={The WSLA framework: Specifying and monitoring service level agreements for web services},
  author={Keller, A. and Ludwig, H.},
  journal={Journal of Network and Systems Management},
  volume={11},
  number={1},
  pages={57--81},
  year={2003},
  publisher={Springer}
}

@inproceedings{kokash2007evaluating,
  title={Evaluating quality of web services: A risk-driven approach},
  author={Kokash, N. and D’Andrea, V.},
  booktitle={Business Information Systems},
  pages={180--194},
  year={2007},
  organization={Springer}
}

@inproceedings{chan2009fault,
  title={A fault taxonomy for web service composition},
  author={Chan, K. and Bishop, J. and Steyn, J. and Baresi, L. and Guinea, S.},
  booktitle={Service-Oriented Computing-ICSOC 2007 Workshops},
  pages={363--375},
  year={2009},
  organization={Springer}
}

@inproceedings{ardagna2006faults,
  title={Faults and recovery actions for self-healing web services},
  author={Ardagna, D. and Cappiello, C. and Fugini, M. and Mussi, E. and Pernici, B. and Plebani, P.},
  booktitle={World Wide Web Conf},
  year={2006}
}

@inproceedings{michalk2010risk,
  title={Risk-based decision support in service value networks},
  author={Michalk, W. and Blau, B. and Stosser, J. and Weinhardt, C.},
  booktitle={System Sciences (HICSS), 2010 43rd Hawaii International Conference on},
  pages={1--9},
  year={2010},
  organization={IEEE}
}

@inproceedings{subramanian2008enhancement,
  title={On the enhancement of bpel engines for self-healing composite web services},
  author={Subramanian, S. and Thiran, P. and Narendra, N.C. and Mostefaoui, G.K. and Maamar, Z.},
  booktitle={Applications and the Internet, 2008. SAINT 2008. International Symposium on},
  pages={33--39},
  year={2008},
  organization={IEEE}
}

@article{zhong2008reliability,
  title={Reliability Prediction and Sensitivity Analysis of Web Services Composition},
  author={Zhong, D. and Qi, Z. and Xu, X.},
  journal={Petri Net: Theory and Applications},
  pages={459--470},
  year={2008}
}

@inproceedings{liu2009risk,
  title={A risk-driven selection approach for transactional web service composition},
  author={Liu, H. and Zhang, W. and Ren, K. and Liu, C. and Zhang, Z.},
  booktitle={Grid and Cooperative Computing, 2009. GCC'09. Eighth International Conference on},
  pages={391--397},
  year={2009},
  organization={IEEE}
}

@article{harney2008selective,
  title={Selective querying for adapting web service compositions using the value of changed information},
  author={Harney, J. and Doshi, P.},
  journal={Services Computing, IEEE Transactions on},
  volume={1},
  number={3},
  pages={169--185},
  year={2008},
  publisher={IEEE}
}

@article{gao2011reliability,
  title={A Reliability-Driven Web Services Selection Method},
  author={Gao, Y. and Zhang, B. and Zhang, K.},
  journal={Applied Informatics and Communication},
  pages={472--482},
  year={2011},
  publisher={Springer}
}

@inproceedings{chan2009design,
  title={The design of a self-healing composition cycle for Web services},
  author={Chan, K.S.M. and Bishop, J.},
  booktitle={Software Engineering for Adaptive and Self-Managing Systems, 2009. SEAMS'09. ICSE Workshop on},
  pages={20--27},
  year={2009},
  organization={Ieee}
}

@inproceedings{kokash2006service,
  title={A service selection model to improve composition reliability},
  author={Kokash, N.},
  booktitle={International Workshop on AI for Service Composition, University of Trento},
  pages={9--14},
  year={2006}
}

@article{fan2002service,
  title={一种提高系统柔性的工作流建模方法研究},
  author={范玉顺 and 吴澄},
  journal={软件学报},
  volume={13},
  number={4},
  year={2002}
}

@inproceedings{erradi2006recovery,
  title={Recovery policies for enhancing web services reliability},
  author={Erradi, A. and Maheshwari, P. and Tosic, V.},
  booktitle={Web Services, 2006. ICWS'06. International Conference on},
  pages={189--196},
  year={2006},
  organization={IEEE}
}

@inproceedings{athanasopoulos2009service,
  title={Service substitution revisited},
  author={Athanasopoulos, D. and Zarras, A. and Issarny, V.},
  booktitle={Automated Software Engineering, 2009. ASE'09. 24th IEEE/ACM International Conference on},
  pages={555--559},
  year={2009},
  organization={IEEE}
}

@inproceedings{pathak2007context,
  title={On context-specific substitutability of web services},
  author={Pathak, J. and Basu, S. and Honavar, V.},
  booktitle={Web Services, 2007. ICWS 2007. IEEE International Conference on},
  pages={192--199},
  year={2007},
  organization={IEEE}
}

@inproceedings{bouhini2010discovery,
  title={Discovery and selection of web services fragments for re-composition},
  author={Bouhini, C. and Lecue, F. and Mehandjiev, N. and Boissier, O.},
  booktitle={Service-Oriented Computing and Applications (SOCA), 2010 IEEE International Conference on},
  pages={1--4},
  year={2010},
  organization={IEEE}
}

@inproceedings{bucchiarone2010design,
  title={Design for adaptation of service-based applications: main issues and requirements},
  author={Bucchiarone, A. and Cappiello, C. and Di Nitto, E. and Kazhamiakin, R. and Mazza, V. and Pistore, M.},
  booktitle={Service-Oriented Computing. ICSOC/ServiceWave 2009 Workshops},
  pages={467--476},
  year={2010},
  organization={Springer}
}

@inproceedings{zhai2009soa,
  title={SOA middleware support for service process reconfiguration with end-to-end QoS constraints},
  author={Zhai, Y. and Zhang, J. and Lin, K.J.},
  booktitle={Web Services, 2009. ICWS 2009. IEEE International Conference on},
  pages={815--822},
  year={2009},
  organization={IEEE}
}

@inproceedings{yan2010self,
  title={Self-adaptive service composition through graphplan repair},
  author={Yan, Y. and Poizat, P. and Zhao, L.},
  booktitle={Web Services (ICWS), 2010 IEEE International Conference on},
  pages={624--627},
  year={2010},
  organization={IEEE}
}

@inproceedings{kaldeli2011continual,
  title={Continual Planning with Sensing for Web Service Composition},
  author={Kaldeli, E. and Lazovik, A. and Aiello, M.},
  booktitle={Twenty-Fifth AAAI Conference on Artificial Intelligence},
  year={2011}
}

@inproceedings{yang2003compatibility,
    title={Compatibility analysis of wsla service level objectives},
    author={Yang, W. and Ludwig, H. and Dan, A.},
    booktitle={Workshop on the Design of Self-Managing Systems. Supplemental},
    year={2003}
}

@article{yu2001benefits,
    title={Benefits of information sharing with supply chain partnerships},
    author={Yu, Z. and Yan, H. and Cheng, T.C.E.},
    journal={Industrial management \& Data systems},
    volume={101},
    number={3},
    pages={114--121},
    year={2001},
    publisher={MCB UP Ltd}
}

@article{chan2006early,
    title={Early order completion contract approach to minimize the impact of demand uncertainty on supply chains},
    author={Chan, H.K. and Chan, F.T.S.},
    journal={Industrial Informatics, IEEE Transactions on},
    volume={2},
    number={1},
    pages={48--58},
    year={2006},
    publisher={IEEE}
}

@article{amid2011weighted,
    title={A weighted max--min model for fuzzy multi-objective supplier selection in a supply chain},
    author={Amid, A. and Ghodsypour, SH and O’Brien, C.},
    journal={International Journal of Production Economics},
    volume={131},
    number={1},
    pages={139--145},
    year={2011},
    publisher={Elsevier}
}

@article{lambrechts2011time,
    title={Time slack-based techniques for robust project scheduling subject to resource uncertainty},
    author={Lambrechts, O. and Demeulemeester, E. and Herroelen, W.},
    journal={Annals of Operations Research},
    volume={186},
    number={1},
    pages={443--464},
    year={2011},
    publisher={Springer}
}

@article{prajogo2011supply,
    title={Supply chain integration and performance: The effects of long-term relationships, information technology and sharing, and logistics integration},
    author={Prajogo, D. and Olhager, J.},
    journal={International Journal of Production Economics},
    year={2011},
    publisher={Elsevier}
}

@article{zhangyongqiang2006,
    title={基于未确知理论的软件可靠性建模},
    author={张永强 and 孙胜娟},
    journal={软件学报},
    volume={17},
    number={8},
    pages={1681--1687},
    year={2006}
}

@article{fensel2002web,
    title={The web service modeling framework WSMF},
    author={Fensel, D. and Bussler, C.},
    journal={Electronic Commerce Research and Applications},
    volume={1},
    number={2},
    pages={113--137},
    year={2002},
    publisher={Elsevier}
}

@article{li2011petri,
    title={A petri net approach to analyzing behavioral compatibility and similarity of web services},
    author={Li, X. and Fan, Y. and Sheng, Q.Z. and Maamar, Z. and Zhu, H.},
    journal={Systems, Man and Cybernetics, Part A: Systems and Humans, IEEE Transactions on},
    volume={41},
    number={3},
    pages={510--521},
    year={2011},
    publisher={IEEE}
}

@inproceedings{jaeger2004qos,
    title={Qos aggregation for web service composition using workflow patterns},
    author={Jaeger, M.C. and Rojec-Goldmann, G. and Muhl, G.},
    booktitle={Enterprise Distributed Object Computing Conference, 2004. EDOC 2004. Proceedings. Eighth IEEE International},
    pages={149--159},
    year={2004},
    organization={IEEE}
}


@article{bordeaux2005two,
    title={When are two web services compatible?},
    author={Bordeaux, L. and Sala{\"u}n, G. and Berardi, D. and Mecella, M.},
    journal={Technologies for E-Services},
    pages={15--28},
    year={2005},
    publisher={Springer}
}

@inproceedings{claro2005selecting,
    title={Selecting web services for optimal composition},
    author={Claro, D.B. and Albers, P. and Hao, J.K.},
    booktitle={ICWS International Workshop on Semantic and Dynamic Web Processes, Orlando-USA},
    year={2005}
}

@book{liuke2004,
    title={实用马尔可夫决策过程},
    author={刘克},
    volume={3},
    year={2004},
    publisher={清华大学出版社}
}

@article{wang,
    title={基于MDP的服务不确定性自适应决策方法},
    author={王忠杰, 郑伟, 徐晓飞, 初佃辉},
    journal={计算机学报},
}

@article{ponnekanti2004interoperability,
    title={Interoperability among independently evolving web services},
    author={Ponnekanti, S. and Fox, A.},
    journal={Middleware 2004},
    pages={331--351},
    year={2004},
    publisher={Springer}
}

@inproceedings{benatallah2005temporal,
    title={On temporal abstractions of web service protocols},
    author={Benatallah, B. and Casati, F. and Ponge, J. and Toumani, F.},
    booktitle={Proc. of CAiSE Forum},
    year={2005}
}

@inproceedings{salas2006ws,
    title={WS-replication: a framework for highly available web services},
    author={Salas, J. and Perez-Sorrosal, F. and Pati{\~n}o-Mart{\'\i}nez, M. and Jim{\'e}nez-Peris, R.},
    booktitle={Proceedings of the 15th international conference on World Wide Web},
    pages={357--366},
    year={2006},
    organization={ACM}
}

@inproceedings{guo2007angel,
    title={Angel: Optimal configuration for high available service composition},
    author={Guo, H. and Huai, J. and Li, H. and Deng, T. and Li, Y. and Du, Z.},
    booktitle={Web Services, 2007. ICWS 2007. IEEE International Conference on},
    pages={280--287},
    year={2007},
    organization={IEEE}
}

@inproceedings{chen2008web,
    title={Web service composition based on integrated substitution and adaptation},
    author={Chen, L. and Chow, R.},
    booktitle={Information Reuse and Integration, 2008. IRI 2008. IEEE International Conference on},
    pages={34--39},
    year={2008},
    organization={IEEE}
}

@inproceedings{taher2006towards,
    title={Towards an approach forweb services substitution},
    author={Taher, Y. and Benslimane, D. and Fauvet, M.C. and Maamar, Z.},
    booktitle={Database Engineering and Applications Symposium, 2006. IDEAS'06. 10th International},
    pages={166--173},
    year={2006},
    organization={IEEE}
}

@article{medjahed2005dynamic,
    title={A dynamic foundational architecture for semantic web services},
    author={Medjahed, B. and Bouguettaya, A.},
    journal={Distributed and Parallel Databases},
    volume={17},
    number={2},
    pages={179--206},
    year={2005},
    publisher={Springer}
}

@inproceedings{yu2010fault,
    title={A Fault-Tolerant Strategy for Improving the Reliability of Service Composition},
    author={Yu, H. and Fan, G. and Chen, L. and Liu, D.},
    booktitle={Quality Software (QSIC), 2010 10th International Conference on},
    pages={312--317},
    year={2010},
    organization={IEEE}
}

@inproceedings{fan2011approach,
    title={An Approach to Handling Failure Recovery in Service Composition and Its Analysis},
    author={Fan, G. and Yu, H. and Chen, L. and Gu, C.},
    booktitle={Theoretical Aspects of Software Engineering (TASE), 2011 Fifth International Symposium on},
    pages={153--160},
    year={2011},
    organization={IEEE}
}

@article{cabrera2002web,
    title={Web services coordination (WS-Coordination)},
    author={Cabrera, F. and Copeland, G. and Freund, T. and Klein, J. and Langworthy, D. and Orchard, D. and Shewchuk, J. and Storey, T.},
    journal={joint specification by BEA, IBM, and Microsoft},
    year={2002}
}

@article{jeckle2003active,
    title={Active uddi-an extension to uddi for dynamic and fault-tolerant service invocation},
    author={Jeckle, M. and Zengler, B.},
    journal={Web, web-Services, and database systems},
    pages={91--99},
    year={2003},
    publisher={Springer}
}

@inproceedings{issarny2003coordinated,
    title={Coordinated forward error recovery for composite web services},
    author={Issarny, V. and Tartanoglu, F. and Romanovsky, A. and Levy, N.},
    booktitle={Reliable Distributed Systems, 2003. Proceedings. 22nd International Symposium on},
    pages={167--176},
    year={2003},
    organization={IEEE}
}

@inproceedings{yin2009self,
    title={A Self-healing composite Web service model},
    author={Yin, Y. and Zhang, B. and Zhang, X. and Zhao, Y.},
    booktitle={Services Computing Conference, 2009. APSCC 2009. IEEE Asia-Pacific},
    pages={307--312},
    year={2009},
    organization={IEEE}
}

@inproceedings{li2011adaptive,
    title={Adaptive QoS-Aware Service Process Reconfiguration},
    author={Li, J. and Ma, D. and Mei, X. and Sun, H. and Zheng, Z.},
    booktitle={Services Computing (SCC), 2011 IEEE International Conference on},
    pages={282--289},
    year={2011},
    organization={IEEE}
}

@inproceedings{lin2009efficient,
    title={An efficient approach for service process reconfiguration in SOA with end-to-end QoS constraints},
    author={Lin, K.J. and Zhang, J. and Zhai, Y.},
    booktitle={Commerce and Enterprise Computing, 2009. CEC'09. IEEE Conference on},
    pages={146--153},
    year={2009},
    organization={IEEE}
}

@article{madhusudan2006declarative,
    title={A declarative approach to composing web services in dynamic environments},
    author={Madhusudan, T. and Uttamsingh, N.},
    journal={Decision Support Systems},
    volume={41},
    number={2},
    pages={325--357},
    year={2006},
    publisher={Elsevier}
}